<?xml version="1.0" encoding="UTF-8"?><collection xmlns="http://www.loc.gov/MARC21/slim"><record><leader>00451nam--2200169-i-4500</leader><controlfield tag="001">000019337</controlfield><controlfield tag="002">20161230</controlfield><controlfield tag="005">20161230201033</controlfield><controlfield tag="008">060222s1000------------r-----000-0-eng-d</controlfield><datafield ind1=" " ind2=" " tag="040"><subfield code="a">IFIN-HH</subfield></datafield><datafield ind1=" " ind2=" " tag="080"><subfield code="a">53(075)</subfield></datafield><datafield ind1="1" ind2=" " tag="100"><subfield code="a">Edwards, Steve</subfield></datafield><datafield ind1="1" ind2="0" tag="245"><subfield code="a">Physics. a discovery approach. instructor`s manual</subfield><subfield code="c">Steve edwards</subfield></datafield><datafield ind1=" " ind2=" " tag="260"><subfield code="a">New York</subfield><subfield code="b">John Wiley &amp; Sons,Inc</subfield><subfield code="c">/F.An </subfield></datafield><datafield ind1=" " ind2=" " tag="300"><subfield code="a">87 P</subfield></datafield><datafield ind1=" " ind2=" " tag="852"><subfield code="a">36594</subfield><subfield code="c">53</subfield></datafield><datafield ind1=" " ind2=" " tag="CAT"><subfield code="a">Sys</subfield><subfield code="c">20150311</subfield><subfield code="h">120152</subfield></datafield></record></collection>